%%
%% This is file `nuthesis.bib',
%% generated with the docstrip utility.
%%
%% The original source files were:
%%
%% nuthesis.dtx  (with options: `bib')
%% 

%% The ToC is required
%% Uncomment these if need be

@Book{Mittelbach:2004:LC,
  author =  "Frank Mittelbach and Michel Goossens and Johannes
                  Braams and David Carlisle and Chris Rowley and
                  Christine Detig and Joachim Schrod",
  title =  "The {\LaTeX} Companion",
  publisher =  "Ad{\-d}i{\-s}on-Wes{\-l}ey",
  address =  "Reading, MA, USA",
  edition =  "Second",
  pages =  "xxvii + 1090",
  year =  2004,
  ISBN =  "0-201-36299-6",
  ISBN-13 =  "978-0-201-36299-2",
  LCCN =  "Z253.4.L38 G66 2004",
  bibdate =  "Thu May 20 13:23:24 2004",
  price =  "US\$59.99, CAN\$86.99",
  series =  "Tools and Techniques for Computer Typesetting",
  acknowledgement =ack-nhfb,
  remark =  "Authors listed as: Frank Mittelbach and Michel
                  Goossens with Johannes Braams, David Carlisle, and
                  Chris Rowley, and with contributions by Christine
                  Detig and Joachim Schrod.",
}

@Manual{amsfonts,
  title =  {The \textsf{amsfonts} package},
  author =  {The American Mathematical Society},
  note =  {Available at:
                  \url{http://tug.ctan.org/cgi-bin/ctanPackageInformation.py?id=amsfonts}},
}

@Manual{amsmath,
  title =  {The \textsf{amsmath} package},
  author =  {The American Mathematical Society},
  note =  {Available at:
                  \url{http://tug.ctan.org/cgi-bin/ctanPackageInformation.py?id=amsmath}},
}

@Misc{beebebib,
  title =  {Nelson {H}. {F}. Beebe's Bibliographies Page},
  author =  {Nelson H. F. Beebe},
  note =  {Available at:
                  \url{http://www.math.utah.edu/~beebe/bibliographies.html}},
}

@Manual{booktabs,
  title =  {The \textsf{booktabs} package},
  author =  {Danie Els},
  note =  {Available at:
                  \url{http://tug.ctan.org/cgi-bin/ctanPackageInformation.py?id=booktabs}},
}

@Manual{color,
  title =  {The \textsf{color} package},
  author =  {David Carlisle},
  note =  {Available at:
                  \url{http://tug.ctan.org/cgi-bin/ctanPackageInformation.py?id=color}},
}

@Manual{comprehensive,
  title =  {The \textsf{comprehensive} package},
  author =  {Scott Pakin},
  note =  {Available at:
                  \url{http://tug.ctan.org/cgi-bin/ctanPackageInformation.py?id=comprehensive}},
}

@Manual{doc,
  title =  {The \textsf{doc} and \textsf{shortvrb} packages},
  author =  {Frank Mittelbach},
  note =  {Available at:
                  \url{http://tug.ctan.org/cgi-bin/ctanPackageInformation.py?id=doc}},
}

@Manual{docstrip,
  title =  {The \textsf{DocScrip} package},
  author =  {Frank Mittelbach},
  note =  {Available at:
                  \url{http://tug.ctan.org/cgi-bin/ctanPackageInformation.py?id=docstrip}},
}

@Manual{epslatex,
  title =  {The \textsf{epslatex} package},
  author =  {Keith Reckdahl},
  note =  {Available at:
                  \url{http://tug.ctan.org/cgi-bin/ctanPackageInformation.py?id=epslatex}},
}

@Manual{fancyvrb,
  title =  {The \textsf{fancyvrb} package},
  author =  {Denis Girou and Sebastian Rahtz and Timothy Van
                  Zandt},
  note =  {Available at:
                  \url{http://tug.ctan.org/cgi-bin/ctanPackageInformation.py?id=fancyvrb}},
}

@Article{freemathfonts,
  author =  {Stephen~G. Hartke},
  title =  {A Survey of Free Math Fonts for {\TeX} and {\LaTeX}},
  journal =  {The Prac\TeX{} Journal},
  year =  2006,
  volume =  1,
  note =  {Available at:
                  \url{http://www.tug.org/pracjourn/2006-1/hartke/}},
}

@Manual{geometry,
  title =  {The \textsf{geometry} package},
  author =  {Hideo Umeki},
  note =  {Available at:
                  \url{http://tug.ctan.org/cgi-bin/ctanPackageInformation.py?id=geometry}},
}

@Manual{graphicx,
  title =  {The \textsf{graphicx} package},
  author =  {David Carlisle},
  note =  {Available at:
                  \url{http://tug.ctan.org/cgi-bin/ctanPackageInformation.py?id=graphicx}},
}

@Manual{hyperref,
  title =  {The \textsf{hyperref} package},
  author =  {Sebastian Rahtz and Heiko Oberdiek},
  note =  {Available at:
                  \url{http://tug.ctan.org/cgi-bin/ctanPackageInformation.py?id=hyperref}},
}

@Manual{ifthen,
  title =  {The \textsf{ifthen} package},
  author =  {David Carlisle and Leslie Lamport},
  note =  {Available at:
                  \url{http://tug.ctan.org/cgi-bin/ctanPackageInformation.py?id=ifthen}},
}

@Manual{keyval,
  title =  {The \textsf{keyval} package},
  author =  {David Carlisle},
  note =  {Available at:
                  \url{http://tug.ctan.org/cgi-bin/ctanPackageInformation.py?id=keyval}},
}

@Manual{listings,
  title =  {The \textsf{listings} package},
  author =  {Brooks Moses},
  note =  {Available at:
                  \url{http://tug.ctan.org/cgi-bin/ctanPackageInformation.py?id=listings}},
}

@Manual{mathpazo,
  title =  {The \textsf{mathpazo} package},
  author =  {Diego Puga},
  note =  {Available at:
                  \url{http://tug.ctan.org/cgi-bin/ctanPackageInformation.py?id=mathpazo}},
}

@Book{memoir,
  author =  {Peter Wilson},
  title =  {The Memoir Class for Configurable Typesetting User
                  Guide},
  publisher =  {The Herries Press},
  year =  2004,
  edition =  {Sixth},
  month =  {January},
  note =  {Available at:
                  \url{http://tug.ctan.org/cgi-bin/ctanPackageInformation.py?id=memoir}},
}

@Article{memoirArticle,
  author =  {Peter Wilson},
  title =  {The \textsf{memoir} class},
  journal =  {The Prac\TeX{} Journal},
  year =  2006,
  volume =  3,
  note =  {Available at:
                  \url{http://www.tug.org/pracjourn/2006-3/wilson/}},
}

@Manual{microtype,
  title =  {The \textsf{microtype} package},
  author =  {Robert Schlicht},
  note =  {Available at:
                  \url{http://tug.ctan.org/cgi-bin/ctanPackageInformation.py?id=microtype}},
}

@Manual{nomencl,
  title =  {The \textsf{nomencl} package},
  author =  {Lee Netherton and C.~V. Radhakrishnan},
  note =  {Available at:
                  \url{http://tug.ctan.org/cgi-bin/ctanPackageInformation.py?id=nomencl}},
}

@Manual{packagetutorial,
  title =  {How to package your {\LaTeX} Package},
  author =  {Scott Pakin},
  year =  2004,
  note =  {Available at:
                  \url{http://tug.ctan.org/cgi-bin/ctanPackageInformation.py?id=dtxtut}},
}

@Manual{packagewriters,
  title =  {{\LaTeXe} for class and package writers},
  author =  {The {\LaTeX}3 Project},
  year =  2006,
  note =  {Available at:
                  \url{http://www.ctan.org/tex-archive/macros/latex/doc/}},
}

@Manual{paralist,
  title =  {The \textsf{paralist} package},
  author =  {Bernd Schandl},
  note =  {Available at:
                  \url{http://tug.ctan.org/cgi-bin/ctanPackageInformation.py?id=paralist}},
}

@Article{productivity,
  author =  {Will Robertson},
  title =  {Productivity with macros and packages},
  journal =  {The Prac\TeX{} Journal},
  year =  2006,
  volume =  3,
  note =  {Available at:
                  \url{http://www.tug.org/pracjourn/2006-3/robertson/}},
}

@Manual{pxfonts,
  title =  {The \textsf{pxfonts} package},
  author =  {Young Ryu},
  note =  {Available at:
                  \url{http://tug.ctan.org/cgi-bin/ctanPackageInformation.py?id=pxfonts}},
}

@Manual{scrtime,
  title =  {\textsf{scrtime} part of the \textsf{KOMA-Script}
                  bundle},
  author =  {Markus Kohm},
  note =  {Available at:
                  \url{http://tug.ctan.org/cgi-bin/ctanPackageInformation.py?id=koma-script}},
}

@Manual{setspace,
  title =  {The \textsf{setspace} package},
  author =  {Geoffrey Tobin},
  note =  {Available at:
                  \url{http://tug.ctan.org/cgi-bin/ctanPackageInformation.py?id=setspace}},
}

@Manual{shortintro,
  title =  {A (Not So) Short Introduction to {\LaTeXe}.},
  author =  {Tobias Oetiker},
  note =  {Available at:
                  \url{http://tug.ctan.org/cgi-bin/ctanPackageInformation.py?id=lshort-english}},
}

@Manual{showkeys,
  title =  {The \textsf{showkeys} package},
  author =  {David Carlisle},
  note =  {Available at:
                  \url{http://tug.ctan.org/cgi-bin/ctanPackageInformation.py?id=showkeys}},
}

@Manual{ucthesis,
  title =  {The \textsf{ucthesis} package},
  author =  {Daniel Gildea},
  note =  {Available at:
                  \url{http://tug.ctan.org/cgi-bin/ctanPackageInformation.py?id=ucthesis}},
}

@Manual{uiucthesis,
  title =  {The \textsf{uiucthesis} package},
  author =  {Peter Czoschke},
  note =  {Available at:
                  \url{http://tug.ctan.org/cgi-bin/ctanPackageInformation.py?id=uiucthesis}},
}

@Misc{ukfaq,
  author =  {{UK} {\TeX} User Group},
  title =  {{\TeX} {F}requently {A}sked {Q}uestions},
  note =  {Available at:
                  \url{http://www.tex.ac.uk/cgi-bin/texfaq2html}},
}

@Article{unhappy,
  author =  {Enrico Gregorio},
  title =  {Horrors in {\LaTeX}: How to misuse {\LaTeX} and make
                  a \emph{copy editor} unhappy},
  journal =  {TUGBoat},
  year =  2005,
  volume =  26,
  number =  3,
  pages =  {273--279},
  note =  {Available at:
                  \url{http://www.tug.org/TUGboat/Contents/contents26-3.html}},
}

@Manual{unl-thesis-electronic,
  author =  {Office of Graduate Studies University of
                  Nebraska--Lincoln},
  title =  {Electronic Dissertations},
  note =  {Available at:
                  \url{http://www.unl.edu/gradstudies/current/etd-intro.shtml}},
}

@Manual{unl-thesis-guidebook,
  author =  {Office of Graduate Studies University of
                  Nebraska--Lincoln},
  title =  {Guidebook For Preparing a Thesis or Dissertation},
  note =  {Available at:
                  \url{http://www.unl.edu/gradstudies/current/downloads/Guidebook.pdf}},
}

@Manual{url,
  title =  {The \textsf{url} package},
  author =  {Donald Arseneau},
  note =  {Available at:
                  \url{http://tug.ctan.org/cgi-bin/ctanPackageInformation.py?id=url}},
}

@Manual{varioref,
  title =  {The \textsf{varioref} package},
  author =  {Frank Mittelbach},
  note =  {Available at:
                  \url{http://tug.ctan.org/cgi-bin/ctanPackageInformation.py?id=varioref}},
}

@Book{virgil,
  author =  {Virgil},
  title =  {The Aenid},
  publisher =  {Project Gutenberg},
  year =  1995,
  note =  {From Project Gutenberg at
                  \url{http://www.gutenberg.org/etext/227}},
}

@Manual{voss-mathmode,
  title =  {The \textsf{voss-mathmode} package},
  author =  {Herbert Vo{\ss}},
  note =  {Available at:
                  \url{http://tug.ctan.org/cgi-bin/ctanPackageInformation.py?id=voss-mathmode}},
}
\endinput
%%
%% End of file `nuthesis.bib'.
