@article{rs1985,
  title={Imaging spectrometry for earth remote sensing},
  author={Solomon, J and Rock, B},
  journal={Science},
  volume={228},
  number={4704},
  pages={1147--1152},
  year={1985}
}
@article{correa2008size,
  title={Size-based transfer functions: A new volume exploration technique},
  author={Correa, Carlos and Ma, Kwan-Liu},
  journal={IEEE transactions on visualization and computer graphics},
  volume={14},
  number={6},
  pages={1380--1387},
  year={2008},
  publisher={IEEE}
}
@article{sahu2012different,
  title={Different image fusion techniques--a critical review},
  author={Sahu, Deepak Kumar and Parsai, MP},
  journal={International Journal of Modern Engineering Research (IJMER)},
  volume={2},
  number={5},
  pages={4298--4301},
  year={2012}
}

@article{meroni2009remote,
  title={Remote sensing of solar-induced chlorophyll fluorescence: Review of methods and applications},
  author={Meroni, M and Rossini, M and Guanter, L and Alonso, L and Rascher, U and Colombo, R and Moreno, J},
  journal={Remote Sensing of Environment},
  volume={113},
  number={10},
  pages={2037--2051},
  year={2009},
  publisher={Elsevier}
}

@article{li2014review,
  title={A review of imaging techniques for plant phenotyping},
  author={Li, Lei and Zhang, Qin and Huang, Danfeng},
  journal={Sensors},
  volume={14},
  number={11},
  pages={20078--20111},
  year={2014},
  publisher={Multidisciplinary Digital Publishing Institute}
}

@article{sytar2017applying,
  title={Applying hyperspectral imaging to explore natural plant diversity towards improving salt stress tolerance},
  author={Sytar, Oksana and Brestic, Marian and Zivcak, Marek and Olsovska, Katarina and Kovar, Marek and Shao, Hongbo and He, Xiaolan},
  journal={Science of The Total Environment},
  volume={578},
  pages={90--99},
  year={2017},
  publisher={Elsevier}
}

@inproceedings{wu2011detection,
  title={The detection of chlorophyll content for salt stress of the wheat seedling by hyperspectral imaging},
  author={Wu, Qiong and Zhu, Dazhou and Wang, Cheng and Ma, Zhihong and Zhang, Dongyan and Chen, Kun and Wang, Jihua},
  booktitle={International Symposium on Photoelectronic Detection and Imaging 2011},
  pages={81931D--81931D},
  year={2011},
  organization={International Society for Optics and Photonics}
}

@article{bauriegel2014hyperspectral,
  title={Hyperspectral and chlorophyll fluorescence imaging for early detection of plant diseases, with special reference to Fusarium spec. infections on wheat},
  author={Bauriegel, Elke and Herppich, Werner B},
  journal={Agriculture},
  volume={4},
  number={1},
  pages={32--57},
  year={2014},
  publisher={Multidisciplinary Digital Publishing Institute}
}

@article{gitelson2002assessing,
  title={Assessing Carotenoid Content in Plant Leaves with Reflectance Spectroscopy},
  author={Gitelson, Anatoly A and Zur, Yoav and Chivkunova, Olga B and Merzlyak, Mark N},
  journal={Photochemistry and photobiology},
  volume={75},
  number={3},
  pages={272--281},
  year={2002},
  publisher={BioOne}
}

@article{yu2014hyperspectral,
  title={Hyperspectral imaging for mapping of total nitrogen spatial distribution in pepper plant},
  author={Yu, Ke-Qiang and Zhao, Yan-Ru and Li, Xiao-Li and Shao, Yong-Ni and Liu, Fei and He, Yong},
  journal={PloS one},
  volume={9},
  number={12},
  pages={e116205},
  year={2014},
  publisher={Public Library of Science}
}

@article{rouse1974monitoring,
  title={Monitoring vegetation systems in the Great Plains with {ERTS}},
  author={Rouse Jr, J\_W and Haas, RH and Schell, JA and Deering, DW},
  year={1974}
}

@article{munoz2013review,
  title={A review of methods for sensing the nitrogen status in plants: advantages, disadvantages and recent advances},
  author={Mu{\~n}oz-Huerta, Rafael F and Guevara-Gonzalez, Ramon G and Contreras-Medina, Luis M and Torres-Pacheco, Irineo and Prado-Olivarez, Juan and Ocampo-Velazquez, Rosalia V},
  journal={Sensors},
  volume={13},
  number={8},
  pages={10823--10843},
  year={2013},
  publisher={Multidisciplinary Digital Publishing Institute}
}

@article{cao2016phase,
  title={Phase separation in {LuFeO$_3$} films},
  author={Cao, Shi and Zhang, Xiaozhe and Sinha, Kishan and Wang, Wenbin and Wang, Jian and Dowben, Peter A and Xu, Xiaoshan},
  journal={Applied Physics Letters},
  volume={108},
  number={20},
  pages={202903},
  year={2016},
  publisher={AIP Publishing}
}

@article{bauer1994low,
  title={Low energy electron microscopy},
  author={Bauer, E},
  journal={Reports on Progress in Physics},
  volume={57},
  number={9},
  pages={895},
  year={1994},
  publisher={IOP Publishing}


@book{grahn2007techniques,
  title={Techniques and applications of hyperspectral image analysis},
  author={Grahn, Hans and Geladi, Paul},
  year={2007},
  publisher={John Wiley \& Sons}
}

@article{bauer1989surface,
  title={Surface studies by low-energy electron microscopy ({LEEM}) and conventional {UV} photoemission electron microscopy ({PEEM})},
  author={Bauer, E and Mundschau, M and Swiech, W and Telieps, W},
  journal={Ultramicroscopy},
  volume={31},
  number={1},
  pages={49--57},
  year={1989},
  publisher={Elsevier}
}

@article{bioucas2013hyperspectral,
  title={Hyperspectral remote sensing data analysis and future challenges},
  author={Bioucas-Dias, Jose M and Plaza, Antonio and Camps-Valls, Gustavo and Scheunders, Paul and Nasrabadi, Nasser and Chanussot, Jocelyn},
  journal={IEEE Geoscience and remote sensing magazine},
  volume={1},
  number={2},
  pages={6--36},
  year={2013},
  publisher={IEEE}
}

@article{somers2011endmember,
  title={Endmember variability in spectral mixture analysis: A review},
  author={Somers, Ben and Asner, Gregory P and Tits, Laurent and Coppin, Pol},
  journal={Remote Sensing of Environment},
  volume={115},
  number={7},
  pages={1603--1616},
  year={2011},
  publisher={Elsevier}
}


@inproceedings{kindlmann1998semi,
  title={Semi-automatic generation of transfer functions for direct volume rendering},
  author={Kindlmann, Gordon and Durkin, James W},
  booktitle={Proceedings of the 1998 IEEE symposium on Volume visualization},
  pages={79--86},
  year={1998},
  organization={ACM}
}

@article{ashikhmin2004extrinsic,
  title={Extrinsic information transfer functions: model and erasure channel properties},
  author={Ashikhmin, Alexei and Kramer, Gerhard and ten Brink, Stephan},
  journal={IEEE Transactions on Information Theory},
  volume={50},
  number={11},
  pages={2657--2673},
  year={2004},
  publisher={IEEE}
}

@article{grassini2013distinguishing,
  title={Distinguishing between yield advances and yield plateaus in historical crop production trends},
  author={Grassini, Patricio and Eskridge, Kent M and Cassman, Kenneth G},
  journal={Nature Communications},
  volume={4},
  year={2013},
  publisher={Nature Publishing Group}
}

@article{li2014review,
  title={A review of imaging techniques for plant phenotyping},
  author={Li, Lei and Zhang, Qin and Huang, Danfeng},
  journal={Sensors},
  volume={14},
  number={11},
  pages={20078--20111},
  year={2014},
  publisher={Multidisciplinary Digital Publishing Institute}
}

@article{hamuda2016survey,
  title={A survey of image processing techniques for plant extraction and segmentation in the field},
  author={Hamuda, Esmael and Glavin, Martin and Jones, Edward},
  journal={Computers and Electronics in Agriculture},
  volume={125},
  pages={184--199},
  year={2016},
  publisher={Elsevier}
}

@article{golzarian2011accurate,
  title={Accurate inference of shoot biomass from high-throughput images of cereal plants},
  author={Golzarian, Mahmood R and Frick, Ross A and Rajendran, Karthika and Berger, Bettina and Roy, Stuart and Tester, Mark and Lun, Desmond S},
  journal={Plant Methods},
  volume={7},
  number={1},
  pages={2},
  year={2011},
  publisher={BioMed Central}
}

@article{dias2011qtl,
  title={{QTL} analysis of seed germination and pre-emergence growth at extreme temperatures in Medicago truncatula},
  author={Dias, Paula Menna Barreto and Brunel-Muguet, Sophie and D{\"u}rr, Carolyne and Huguet, Thierry and Demilly, Didier and Wagner, Marie-Helene and Teulat-Merah, B{\'e}atrice},
  journal={Theoretical and Applied Genetics},
  volume={122},
  number={2},
  pages={429--444},
  year={2011},
  publisher={Springer}
}

@article{duan2011novel,
  title={A novel machine-vision-based facility for the automatic evaluation of yield-related traits in rice},
  author={Duan, Lingfeng and Yang, Wanneng and Huang, Chenglong and Liu, Qian},
  journal={Plant Methods},
  volume={7},
  number={1},
  pages={44},
  year={2011},
  publisher={BioMed Central}
}

@article{hoyos2014ground,
  title={Ground-based digital imaging as a tool to assess soybean growth and yield},
  author={Hoyos-Villegas, V and Houx, JH and Singh, SK and Fritschi, FB},
  journal={Crop Science},
  volume={54},
  number={4},
  pages={1756--1768},
  year={2014},
  publisher={The Crop Science Society of America, Inc.}
}

@article{chern2007rice,
  title={A rice phenomics study phenotype scoring and seed propagation of a {T-DNA} insertion-induced rice mutant population},
  author={Chern, Chyr-Guan and Fan, Ming-Jen and Yu, Su-May and Hour, Ai-Ling and Lu, Po-Chang and Lin, Yao-Cheng and Wei, Fu-Jin and Huang, Sheng-Chung and Chen, Shu and Lai, Ming-Hsing and others},
  journal={Plant molecular biology},
  volume={65},
  number={4},
  pages={427--438},
  year={2007},
  publisher={Springer}
}

@article{clark2011three,
  title={Three-dimensional root phenotyping with a novel imaging and software platform},
  author={Clark, Randy T and MacCurdy, Robert B and Jung, Janelle K and Shaff, Jon E and McCouch, Susan R and Aneshansley, Daniel J and Kochian, Leon V},
  journal={Plant physiology},
  volume={156},
  number={2},
  pages={455--465},
  year={2011},
  publisher={Am Soc Plant Biol}
}

@article{jeon2014color,
  title={Color image enhancement by histogram equalization in heterogeneous color space},
  author={Jeon, Gwanggil},
  journal={Int. J. Multimedia Ubiquitous Eng},
  volume={9},
  number={7},
  pages={309--318},
  year={2014},
  publisher={Citeseer}
}

@article{perez2000colour,
  title={Colour and shape analysis techniques for weed detection in cereal fields},
  author={Perez, AJ and Lopez, F and Benlloch, JV and Christensen, Svend},
  journal={Computers and electronics in agriculture},
  volume={25},
  number={3},
  pages={197--212},
  year={2000},
  publisher={Elsevier}
}

@inproceedings{seitz2006comparison,
  title={A comparison and evaluation of multi-view stereo reconstruction algorithms},
  author={Seitz, Steven M and Curless, Brian and Diebel, James and Scharstein, Daniel and Szeliski, Richard},
  booktitle={Computer vision and pattern recognition, 2006 IEEE Computer Society Conference on},
  volume={1},
  pages={519--528},
  year={2006},
  organization={IEEE}
}

@article{biskup2009diel,
  title={Diel growth cycle of isolated leaf discs analyzed with a novel, high-throughput three-dimensional imaging method is identical to that of intact leaves},
  author={Biskup, Bernhard and Scharr, Hanno and Fischbach, Andreas and Wiese-Klinkenberg, Anika and Schurr, Ulrich and Walter, Achim},
  journal={Plant physiology},
  volume={149},
  number={3},
  pages={1452--1461},
  year={2009},
  publisher={Am Soc Plant Biol}
}

@article{wang2009image,
  title={Image-based {3D} corn reconstruction for retrieval of geometrical structural parameters},
  author={Wang, Haoxing and Zhang, Wuming and Zhou, Guoqing and Yan, Guangjian and Clinton, Nicholas},
  journal={International Journal of Remote Sensing},
  volume={30},
  number={20},
  pages={5505--5513},
  year={2009},
  publisher={Taylor \& Francis}
}

@article{clark2011three,
  title={Three-dimensional root phenotyping with a novel imaging and software platform},
  author={Clark, Randy T and MacCurdy, Robert B and Jung, Janelle K and Shaff, Jon E and McCouch, Susan R and Aneshansley, Daniel J and Kochian, Leon V},
  journal={Plant physiology},
  volume={156},
  number={2},
  pages={455--465},
  year={2011},
  publisher={Am Soc Plant Biol}
}

@article{paproki2012novel,
  title={A novel mesh processing based technique for {3D} plant analysis},
  author={Paproki, Anthony and Sirault, Xavier and Berry, Scott and Furbank, Robert and Fripp, Jurgen},
  journal={BMC Plant Biology},
  volume={12},
  number={1},
  pages={63},
  year={2012},
  publisher={BioMed Central}
}

@article{cai2012automated,
  title={Automated extraction of three-dimensional cereal plant structures from two-dimensional orthographic images},
  author={Cai, Jinhai and Miklavcic, S},
  journal={IET Image Processing},
  volume={6},
  number={6},
  pages={687--696},
  year={2012},
  publisher={IET}
}

@inproceedings{ward2014model,
  title={A model-based approach to recovering the structure of a plant from images},
  author={Ward, Ben and Bastian, John and van den Hengel, Anton and Pooley, Daniel and Bari, Rajendra and Berger, Bettina and Tester, Mark},
  booktitle={European Conference on Computer Vision},
  pages={215--230},
  year={2014},
  organization={Springer}
}

@inproceedings{kutulakos1999theory,
  title={A theory of shape by space carving},
  author={Kutulakos, Kiriakos N and Seitz, Steven M},
  booktitle={Computer Vision, 1999. The Proceedings of the Seventh IEEE International Conference on},
  volume={1},
  pages={307--314},
  year={1999},
  organization={IEEE}
}

@inproceedings{klodt2014high,
  title={High-resolution plant shape measurements from multi-view stereo reconstruction},
  author={Klodt, Maria and Cremers, Daniel},
  booktitle={European Conference on Computer Vision},
  pages={174--184},
  year={2014},
  organization={Springer}
}

@article{cheung2005shape,
  title={Shape-from-silhouette across time part {I}: Theory and algorithms},
  author={Cheung, Kong-Man and Baker, Simon and Kanade, Takeo},
  journal={International Journal of Computer Vision},
  volume={62},
  number={3},
  pages={221--247},
  year={2005},
  publisher={Springer}
}

@inproceedings{sural2002segmentation,
  title={Segmentation and histogram generation using the {HSV} color space for image retrieval},
  author={Sural, Shamik and Qian, Gang and Pramanik, Sakti},
  booktitle={Image Processing. 2002. Proceedings. 2002 International Conference on},
  volume={2},
  pages={II--II},
  year={2002},
  organization={IEEE}
}

@article{saha2016survey,
  title={A survey on skeletonization algorithms and their applications},
  author={Saha, Punam K and Borgefors, Gunilla and di Baja, Gabriella Sanniti},
  journal={Pattern Recognition Letters},
  volume={76},
  pages={3--12},
  year={2016},
  publisher={Elsevier}
}
